@book{fall2011tcp,
  title={TCP/IP Illustrated, Volume 1: The Protocols},
  author={Fall, K.R. and Stevens, W.R.},
  isbn={9780132808187},
  series={Addison-Wesley Professional Computing Series},
  year={2011},
  publisher={Pearson Education}
}

@techreport{rfc5424,
   AUTHOR = "R. Gerhards",
   TITLE = "{The Syslog Protocol}",
   HOWPUBLISHED = {Internet Requests for Comments},
   TYPE="{RFC}",
   NUMBER=5424,
   PAGES = {1-38},
   YEAR = {2008},
   PUBLISHER = "{RFC Editor}",
   INSTITUTION = "{RFC Editor}",
   URL={https://tools.ietf.org/html/rfc5424}
}

@techreport{rfc1035,
   AUTHOR = "P. Mockapetris",
   TITLE = "{DOMAIN NAMES - IMPLEMENTATION AND SPECIFICATION}",
   HOWPUBLISHED = {Internet Requests for Comments},
   TYPE="{RFC}",
   NUMBER=1035,
   PAGES = {1-55},
   YEAR = {1987},
   PUBLISHER = "{RFC Editor}",
   INSTITUTION = "{RFC Editor}",
   URL={https://tools.ietf.org/html/rfc1035}
}

@techreport{rfc4034,
   AUTHOR = "R. Arends, R. Austein, M. Larson, D. Massey, S. Rose",
   TITLE = "{Resource Records for the DNS Security Extensions}",
   HOWPUBLISHED = {Internet Requests for Comments},
   TYPE="{RFC}",
   NUMBER=4034,
   PAGES = {1-29},
   YEAR = {2005},
   PUBLISHER = "{RFC Editor}",
   INSTITUTION = "{RFC Editor}",
   URL={https://tools.ietf.org/html/rfc4034}
}

@techreport{rfc4648,
   AUTHOR = "S. Josefsson",
   TITLE = "{The Base16, Base32, and Base64 Data Encodings}",
   HOWPUBLISHED = {Internet Requests for Comments},
   TYPE="{RFC}",
   NUMBER=4648,
   PAGES = {1-18},
   YEAR = {2006},
   PUBLISHER = "{RFC Editor}",
   INSTITUTION = "{RFC Editor}",
   URL={https://tools.ietf.org/html/rfc4648}
}

@misc{syslog-setup,
	author={Matei Cezar},
	title={How to Create a Centralized Log Server with Rsyslog in CentOS/RHEL 7},
	journal={Tecmint: Linux Howtos, Tutorials & Guides},
	howpublished={Dostupné z: \url{https://www.tecmint.com/create-centralized-log-server-with-rsyslog-in-centos-7}},
	year={2017},
	note = {[online] [vid. 2018-11-16]}
}

@misc{dns-types,
	author={Přispěvatelé Wikipedia},
	title={List of DNS record types},
	journal={Wikipedia},
	howpublished={Dostupné z: \url{https://en.wikipedia.org/w/index.php?oldid=488747971}},
	year={2012},
	note = {[online] [vid. 2018-11-14]}
}

@misc{cpp-objects,
	author={Abhirav Kariya},
	title={C++ Classes and Objects},
	journal={GeeksforGeeks},
	howpublished={Dostupné z: \url{https://www.geeksforgeeks.org/c-classes-and-objects}},
	year={2018},
	note = {[online] [vid. 2018-11-12]}
}

@misc{threads,
	author={Sayan Mahapatra, Darwin Huang},
	title={Multithreading in C++},
	journal={GeeksforGeeks},
	howpublished={Dostupné z: \url{https://www.geeksforgeeks.org/multithreading-in-cpp}},
	year={2018},
	note = {[online] [vid. 2018-11-16]}
}

@misc{signals,
	author={Kadam Patel},
	title={Signals in C language},
	journal={GeeksforGeeks},
	howpublished={Dostupné z: \url{https://www.geeksforgeeks.org/signals-c-language}},
	year={2018},
	note = {[online] [vid. 2018-11-16]}
}

@Misc{dns-prez,
  author = {Ing. Petr Matoušek, Ph.D., M.A.},
  journal = {Síťové aplikace a správa sítí},
  title = {Systém DNS},
}
